@book{ABBASI2011xv,
author = {European Commission and Joint Research Centre and Calisto, H and Gandossi, L and Rodríguez Gómez, N and Bolado Lavín, R},
title = {EU gas transmission network facilities review – Inventory, operation and failure modes of the main components of the EU gas system – An information source to gas risk assessments},
publisher = {Publications Office},
year = {2020},
doi = {doi/10.2760/338818}}


@article{YANG2020106023,
title = {A convex optimization and iterative solution based method for optimal power-gas flow considering power and gas losses},
journal = {International Journal of Electrical Power \& Energy Systems},
volume = {121},
pages = {106023},
year = {2020},
issn = {0142-0615},
doi = {https://doi.org/10.1016/j.ijepes.2020.106023},
url = {https://www.sciencedirect.com/science/article/pii/S0142061519344059},
author = {Lun Yang and Xia Zhao and Yinliang Xu},
keywords = {Integrated electricity and natural gas system (IEGS), Optimal power-gas flow (OPGF), Loss equivalence, Iterative solution approach, SOC relaxation},
}

@article{JIANG2021106460,
title = {Exploiting flexibility of combined-cycle gas turbines in power system unit commitment with natural gas transmission constraints and reserve scheduling},
journal = {International Journal of Electrical Power \& Energy Systems},
volume = {125},
pages = {106460},
year = {2021},
issn = {0142-0615},
doi = {https://doi.org/10.1016/j.ijepes.2020.106460},
url = {https://www.sciencedirect.com/science/article/pii/S0142061520325072},
author = {Tao Jiang and Chenguang Yuan and Rufeng Zhang and Linquan Bai and Xue Li and Houhe Chen and Guoqing Li},
keywords = {Combined-cycle gas turbine, Unit commitment, Reserve scheduling, Flexibility, Natural gas system},
}

@article{review, 
    title={Optimal coordinated operation of Integrated Natural Gas and Electric Power Systems: A review of modeling and solution methods}, 
    volume={145}, 
    DOI={10.1016/j.rser.2021.111134}, 
    journal={Renewable and Sustainable Energy Reviews}, 
    author={Raheli, Enrica and Wu, Qiuwei and Zhang, Menglin and Wen, Changyun}, 
    year={2021}, 
    pages={111134}
}

@article{Byeon_Van_Hentenryck_2020,
    title={Unit commitment with Gas Network Awareness},
    volume={35},
    DOI={10.1109/tpwrs.2019.2942298},
    number={2},
    journal={IEEE Transactions on Power Systems},
    author={Byeon, Geunyeong and Van Hentenryck, Pascal},
    year={2020},
    pages={1327–1339}
}

@article{He_Zhang_Liu_Wu_Shahidehpour_2018, 
    title={Coordination of interdependent electricity grid and natural gas network—a review},
    volume={5},
    DOI={10.1007/s40518-018-0093-9},
    number={1},
    journal={Current Sustainable/Renewable Energy Reports},
    author={He, Chuan and Zhang, Xiaping and Liu, Tianqi and Wu, Lei and Shahidehpour, Mohammad},
    year={2018},
    pages={23–36}
} 
    
    
@ARTICLE{mohammad,  
    author={He, Chuan and Wu, Lei and Liu, Tianqi and Shahidehpour, Mohammad},
    journal={IEEE Transactions on Sustainable Energy},
    title={Robust Co-Optimization Scheduling of Electricity and Natural Gas Systems via ADMM},
    year={2017},
    volume={8},
    number={2},
    pages={658-670},
    doi={10.1109/TSTE.2016.2615104}
}

@article{Shan_Yu_Gong_Huang_Wen_Wang_Ren_Wang_Shi_Liu_2023,
    title={A methodology to evaluate gas supply reliability of natural gas pipeline network considering the effects of Natural Gas Resources},
    volume={238}, DOI={10.1016/j.ress.2023.109431},
    journal={Reliability Engineering \&amp;amp; System Safety},
    author={Shan, Xiangying and Yu, Weichao and Gong, Jing and Huang, Weihe and Wen, Kai and Wang, Hao and Ren, Shipeng and Wang, Di and Shi, Yongheng and Liu, Chunyue},
    year={2023},
    pages={109431}
} 

@misc{Morcillo_Angulo_Franco_2020a, title={Analyzing the hydroelectricity variability on power markets from a system dynamics and dynamic systems perspective: Seasonality and Enso phenomenon}, url={https://doi.org/10.3390/en13092381}, journal={MDPI}, publisher={Multidisciplinary Digital Publishing Institute}, author={Morcillo, José D. and Angulo, Fabiola and Franco, Carlos J.}, year={2020}, month={May}} 

@article{droughts_colombia, title={Does climate impact the relationship between the energy price and the stock market? the Colombian case}, volume={336}, DOI={10.1016/j.apenergy.2023.120800}, journal={Applied Energy}, author={Villa-Loaiza, Carlos and Taype-Huaman, Irvin and Benavides-Franco, Julián and Buenaventura-Vera, Guillermo and Carabalí-Mosquera, Jaime}, year={2023}, month={Apr}, pages={120800}} 

@article{Cuartas_Cunha_Alves_Parra_Deusdará_Leal_Costa_Molina_Amore_Broedel_Seluchi_et_al_2022, title={Recent hydrological droughts in Brazil and their impact on hydropower generation}, volume={14}, DOI={10.3390/w14040601}, number={4}, journal={Water}, author={Cuartas, Luz Adriana and Cunha, Ana Paula and Alves, Jessica Anastácia and Parra, Larissa Milena and Deusdará-Leal, Karinne and Costa, Lidiane Cristina and Molina, Ruben Dario and Amore, Diogo and Broedel, Elisangela and Seluchi, Marcelo Enrique and et al.}, year={2022}, month={Feb}, pages={601}} 

@article{KAZI2024110748,
title = {Intertemporal uncertainty management in gas-electric energy systems using stochastic finite volumes},
journal = {Electric Power Systems Research},
volume = {235},
pages = {110748},
year = {2024},
issn = {0378-7796},
doi = {https://doi.org/10.1016/j.epsr.2024.110748},
url = {https://www.sciencedirect.com/science/article/pii/S0378779624006345},
author = {Saif R. Kazi and Kaarthik Sundar and Sidhant Misra and Svetlana Tokareva and Anatoly Zlotnik},
keywords = {Gas-electric coordination, Operations, Uncertainty quantification, DC power flow, Gas pipelines},
}

@article{Bayani_Manshadi_2023, 
    title={Coordinating flexible ramping products with dynamics of the Natural Gas Network},
    volume={35},
    DOI={10.1016/j.segan.2023.101079},
    journal={Sustainable Energy, Grids and Networks},
    author={Bayani, Reza and Manshadi, Saeed D.},
    year={2023},
    pages={101079}
} 

@article{Yaseen_Sulaiman_Deo_Chau_2019,
    title={An enhanced extreme learning machine model for river flow forecasting: State-of-the-art, practical applications in Water Resource Engineering area and future research direction},
    volume={569},
    DOI={10.1016/j.jhydrol.2018.11.069},
    journal={Journal of Hydrology},
    author={Yaseen, Zaher Mundher and Sulaiman, Sadeq Oleiwi and Deo, Ravinesh C. and Chau, Kwok-Wing},
    year={2019},
    pages={387–408}
} 

@book{morales2013integrating,
  title={Integrating renewables in electricity markets: operational problems},
  author={Morales, Juan M and Conejo, Antonio J and Madsen, Henrik and Pinson, Pierre and Zugno, Marco},
  volume={205},
  year={2013},
  publisher={Springer Science \& Business Media}
}

@article{Liang_Liao_2007,
    title={A fuzzy-optimization approach for generation scheduling with wind and Solar Energy Systems},
    volume={22},
    DOI={10.1109/tpwrs.2007.907527},
    number={4},
    journal={IEEE Transactions on Power Systems},
    author={Liang, Ruey-Hsun and Liao, Jian-Hao},
    year={2007},
    pages={1665–1674}
}

@article{Fang_Zeng_Ai_Chen_Wen_2018,
    title={Dynamic Optimal Energy flow in the Integrated Natural Gas and Electrical Power Systems},
    volume={9},
    DOI={10.1109/tste.2017.2717600},
    number={1},
    journal={IEEE Transactions on Sustainable Energy},
    author={Fang, Jiakun and Zeng, Qing and Ai, Xiaomeng and Chen, Zhe and Wen, Jinyu},
    year={2018},
    pages={188–198}
}

@article{Bai_Li_Cui_Jiang_Sun_Zhu_2016, 
    title={Interval optimization based operating strategy for gas-electricity integrated energy systems considering demand response and wind uncertainty},
    volume={167},
    DOI={10.1016/j.apenergy.2015.10.119},
    journal={Applied Energy},
    author={Bai, Linquan and Li, Fangxing and Cui, Hantao and Jiang, Tao and Sun, Hongbin and Zhu, Jinxiang},
    year={2016},
    pages={270–279}
}

@article{china_natural_gas,
    title={Petroleum substitution, greenhouse gas emissions reduction and environmental benefits from the development of natural gas vehicles in China},
    author={Yuan, Jie-Hui and Zhou, Sheng and Peng, Tian-Duo and Wang, Ge-Hua and Ou, Xun-Min},
    journal={Petroleum Science},
    volume={15},
    number={3},
    pages={644--656},
    year={2018},
    publisher={Springer}
}

@article{Alam_M,
    author = {Md S. Alam and Sudharshan Reddy Paramati and Muhammad Shahbaz and Mita Bhattacharya},
    doi = {10.1080/00036846.2016.1203064},
    issn = {14664283},
    issue = {7},
    journal = {Applied Economics},
    keywords = {Natural gas consumption,cross-sectional dependence,developing economies,heterogeneity,sustainable economic growth,trade},
    month = {2},
    pages = {635-649},
    publisher = {Routledge},
    title = {Natural gas, trade and sustainable growth: empirical evidence from the top gas consumers of the developing world},
    volume = {49},
    year = {2017},
}

@article{Yin_Wen_Wu_Han_Mukhtar_Gong_2022,
    title={A machine learning-based surrogate model for the rapid control of piping flow: Application to a natural gas flowmeter calibration system},
    volume={98},
    DOI={10.1016/j.jngse.2021.104384},
    journal={Journal of Natural Gas Science and Engineering},
    author={Yin, Xiong and Wen, Kai and Wu, Yan and Han, Xu and Mukhtar, Yasir and Gong, Jing},
    year={2022},
    pages={104384}
}

@article{Aydin_2018,
    title={Natural gas consumption and economic growth nexus for top 10 natural gas–consuming countries: A Granger causality analysis in the frequency domain},
    volume={165},
    DOI={10.1016/j.energy.2018.09.149},
    journal={Energy},
    author={Aydin, Mucahit},
    year={2018},
    pages={179–186}
}

@misc{IEA_2024, title={EIA projections indicate global energy consumption increases through 2050, outpacing efficiency gains and driving continued emissions growth}, url={https://www.eia.gov/pressroom/releases/press542.php}, journal={IEA}, author={IEA}, year={2023}} 

%@misc{ideam,
    title={Política Nacional de Cambio Climático - IDEAM},
    url={http://www.cambioclimatico.gov.co/directorio-del-cambio-climatico},
    journal={ENTIDAD}
}

@misc{Promigas_2021, title={Informe del sector gas natural 2021}, url={https://www.promigas.com/informeSector2020/Paginas/Proyecciones-de-gas-natural.aspx}, journal={PROMIGAS}, author={Promigas}, year={2021}} 



@article{Restrepo-Trujillo_Moreno-Chuquen_Jiménez-García_Flores_Chamorro_2022, title={Scenario analysis of an electric power system in Colombia considering the El Niño phenomenon and the inclusion of renewable energies}, volume={15}, DOI={10.3390/en15186690}, number={18}, journal={Energies}, author={Restrepo-Trujillo, Juliana and Moreno-Chuquen, Ricardo and Jiménez-García, Francy and Flores, Wilfredo and Chamorro, Harold}, year={2022}, month={Sep}, pages={6690}} 

@article{paper-col,
    title={Strategies of expansion for Electric Power Systems based on hydroelectric plants in the context of climate change: Case of analysis of Colombia},
    volume={10},
    DOI={10.32479/ijeep.9813},
    number={6},
    journal={International Journal of Energy Economics and Policy},
    author={Restrepo-Trujillo, J. and Moreno-Chuquen, Ricardo and Jiménez-García, Francy Nelly},
    year={2020},
    pages={66–74}
} 

@article{Arango-Aramburo_Turner_Daenzer_Ríos-Ocampo_Hejazi_Kober_Álvarez-Espinosa_Romero-Otalora_vanderZwaan_2019, title={Climate impacts on hydropower in Colombia: A multi-model assessment of power sector adaptation pathways}, volume={128}, DOI={10.1016/j.enpol.2018.12.057}, journal={Energy Policy}, author={Arango-Aramburo, Santiago and Turner, Sean W.D. and Daenzer, Kathryn and Ríos-Ocampo, Juan Pablo and Hejazi, Mohamad I. and Kober, Tom and Álvarez-Espinosa, Andrés C. and Romero-Otalora, Germán D. and van der Zwaan, Bob}, year={2019}, month={May}, pages={179–188}} 

@article{Villa-Loaiza_Taype-Huaman_Benavides-Franco_Buenaventura-Vera_Carabalí-Mosquera_2023, title={Does climate impact the relationship between the energy price and the stock market? the Colombian case}, volume={336}, DOI={10.1016/j.apenergy.2023.120800}, journal={Applied Energy}, author={Villa-Loaiza, Carlos and Taype-Huaman, Irvin and Benavides-Franco, Julián and Buenaventura-Vera, Guillermo and Carabalí-Mosquera, Jaime}, year={2023}, month={Apr}, pages={120800}} 



@misc{Ignacio_Fariza_2022,
    title={La Sequía desploma La Generación hidroeléctrica hasta su nivel más bajo en Tres Décadas},
    url={https://elpais.com/clima-y-medio-ambiente/2022-08-22/la-sequia-desploma-la-generacion-hidroelectrica-hasta-su-nivel-mas-bajo-en-tres-decadas.html},
    journal={El País},
    author={Ignacio Fariza, Manuel Planelles},
    year={2022},
    month={Aug}
}

@article{WANG2019113410,
title = {Operation optimization of regional integrated energy system based on the modeling of electricity-thermal-natural gas network},
journal = {Applied Energy},
volume = {251},
pages = {113410},
year = {2019},
issn = {0306-2619},
doi = {https://doi.org/10.1016/j.apenergy.2019.113410},
url = {https://www.sciencedirect.com/science/article/pii/S0306261919310840},
author = {Yongli Wang and Yudong Wang and Yujing Huang and Jiale Yang and Yuze Ma and Haiyang Yu and Ming Zeng and Fuwei Zhang and Yanfu Zhang},
keywords = {Regional integrated energy system, Energy network, Carbon trading, Operation optimization, Energy hub, Economic cost},
}

@ARTICLE{DC_flow,
  author={Yang, Zhifang and Xie, Kaigui and Yu, Juan and Zhong, Haiwang and Zhang, Ning and Xia, Qing},
  journal={IEEE Transactions on Power Systems}, 
  title={A General Formulation of Linear Power Flow Models: Basic Theory and Error Analysis}, 
  year={2019},
  volume={34},
  number={2},
  pages={1315-1324},
  doi={10.1109/TPWRS.2018.2871182}}

@ARTICLE{DC_flow2,
  author={Yang, Lun and Xu, Yinliang and Sun, Hongbin and Zhao, Xia},
  journal={IEEE Transactions on Smart Grid}, 
  title={Two-Stage Convexification-Based Optimal Electricity-Gas Flow}, 
  year={2020},
  volume={11},
  number={2},
  pages={1465-1475},
  doi={10.1109/TSG.2019.2938553}}

@article{weymouth_nonconvex, title={Multi-stage robust optimization of a multi-energy coupled system considering multiple uncertainties}, volume={238}, DOI={10.1016/j.energy.2021.122041}, journal={Energy}, author={Zhang, Yachao and Xie, Shiwei and Shu, Shengwen}, year={2022}, month={Jan}, pages={122041}} 

@article{baumrucker_renfro_biegler_2008, title={MPEC problem formulations and solution strategies with chemical engineering applications}, volume={32}, DOI={10.1016/j.compchemeng.2008.02.010}, number={12}, journal={Computers \&amp; Chemical Engineering}, author={Baumrucker, B.T. and Renfro, J.G. and Biegler, L.T.}, year={2008}, pages={2903–2913}}

@article{MPCC_advantages, title={A tutorial review of complementarity models for decision-making in Energy Markets}, volume={2}, DOI={10.1007/s40070-013-0019-0}, number={1–2}, journal={EURO Journal on Decision Processes}, author={Ruiz, Carlos and Conejo, Antonio J. and Fuller, J. David and Gabriel, Steven A. and Hobbs, Benjamin F.}, year={2014}, month={Oct}, pages={91–120}} 

@article{Hintermüller_Kopacka_2009, title={Mathematical programs with complementarity constraints in function space: C- and strong stationarity and a path-following algorithm}, volume={20}, DOI={10.1137/080720681}, number={2}, journal={SIAM Journal on Optimization}, author={Hintermüller, M. and Kopacka, I.}, year={2009}, month={Jan}, pages={868–902}} 

@article{Hante_Schmidt_2019, title={Complementarity-based nonlinear programming techniques for optimal mixing in Gas Networks}, volume={7}, DOI={10.1007/s13675-019-00112-w}, number={3}, journal={EURO Journal on Computational Optimization}, author={Hante, FalkM. and Schmidt, Martin}, year={2019}, month={Sep}, pages={299–323}}

@article{Bouza_Still_2007, title={Mathematical programs with complementarity constraints: Convergence properties of a smoothing method}, volume={32}, DOI={10.1287/moor.1060.0245}, number={2}, journal={Mathematics of Operations Research}, author={Bouza, Gemayqzel and Still, Georg}, year={2007}, month={May}, pages={467–483}}

@article{Scholtes_2001, title={Convergence properties of a regularization scheme for mathematical programs with complementarity constraints}, volume={11}, DOI={10.1137/s1052623499361233}, number={4}, journal={SIAM Journal on Optimization}, author={Scholtes, Stefan}, year={2001}, month={Mar}, pages={918–936}}

@article{Scheel_Scholtes_2000, title={Mathematical programs with complementarity constraints: Stationarity, optimality, and sensitivity}, volume={25}, DOI={10.1287/moor.25.1.1.15213}, number={1}, journal={Mathematics of Operations Research}, author={Scheel, Holger and Scholtes, Stefan}, year={2000}, month={Feb}, pages={1–22}} 

@article{Ralph_Wright_2004,
author = {Daniel Ralph and Stephen J. Wright},
title = {Some properties of regularization and penalization schemes for MPECs},
journal = {Optimization Methods and Software},
volume = {19},
number = {5},
pages = {527-556},
year = {2004},
publisher = {Taylor & Francis},
doi = {10.1080/10556780410001709439},
URL = { 
        https://doi.org/10.1080/10556780410001709439
},
eprint = { 
        https://doi.org/10.1080/10556780410001709439
}
}

@article{MPCC_lack_properties, title={First order necessary optimality conditions for mathematical programs with second-order cone complementarity constraints}, volume={63}, DOI={10.1007/s10898-015-0295-2}, number={2}, journal={Journal of Global Optimization}, author={Zhang, Yi and Wu, Jia and Zhang, Liwei}, year={2015}, pages={253–279}}

@article{Bergmann_Herzog_2019, title={Intrinsic formulation of KKT conditions and constraint qualifications on smooth manifolds}, volume={29}, DOI={10.1137/18m1181602}, number={4}, journal={SIAM Journal on Optimization}, author={Bergmann, Ronny and Herzog, Roland}, year={2019}, pages={2423–2444}}

@book{BertsekasDimitriP1999Np/D,
publisher = {Athena Scientific},
booktitle = {Nonlinear programming},
isbn = {1886529000},
year = {1999},
title = {Nonlinear programming / Dimitri P. Bertsekas},
edition = {2nd ed},
language = {eng},
address = {Belmont, Mass.},
author = {Bertsekas, Dimitri P},
keywords = {Nonlinear programming},
}

@article{ORDOUDIS2019642,
title = {An Integrated Market for Electricity and Natural Gas Systems with Stochastic Power Producers},
journal = {European Journal of Operational Research},
volume = {272},
number = {2},
pages = {642-654},
year = {2019},
issn = {0377-2217},
doi = {https://doi.org/10.1016/j.ejor.2018.06.036},
url = {https://www.sciencedirect.com/science/article/pii/S037722171830571X},
author = {Christos Ordoudis and Pierre Pinson and Juan M. Morales},
keywords = {OR in energy, Integrated energy systems, Electricity and natural gas markets coordination, Renewable energy, Stochastic programming},}

 @INPROCEEDINGS{soc_paper,  author={Schwele, Anna and Ordoudis, Christos and Kazempour, Jalal and Pinson, Pierre},  booktitle={2019 IEEE Milan PowerTech},   title={Coordination of Power and Natural Gas Systems: Convexification Approaches for Linepack Modeling},   year={2019},  volume={},  number={},  pages={1-6},  doi={10.1109/PTC.2019.8810632}}

@ARTICLE{Wilson_poly,  author={García-Marín, S. and González-Vanegas, W. and Murillo-Sánchez, C.E.},  journal={IEEE Transactions on Power Systems},   title={MPNG: A MATPOWER-Based Tool for Optimal Power and Natural Gas Flow Analyses},   year={2022},  volume={},  number={},  pages={1-9},  doi={10.1109/TPWRS.2022.3195684}}

@article{WANG201970,
title = {Convex optimization based adjustable robust dispatch for integrated electric-gas systems considering gas delivery priority},
journal = {Applied Energy},
volume = {239},
pages = {70-82},
year = {2019},
issn = {0306-2619},
doi = {https://doi.org/10.1016/j.apenergy.2019.01.121},
url = {https://www.sciencedirect.com/science/article/pii/S030626191930114X},
author = {Cheng Wang and Wei Wei and Jianhui Wang and Tianshu Bi},
keywords = {Integrated electric-gas system, Robust dispatch, Adjustable robustness, Linear decision rule, Convex optimization, Gas delivery priority},}

@ARTICLE{Conejo,  author={Chen, Sheng and Conejo, Antonio J. and Sioshansi, Ramteen and Wei, Zhinong},  journal={IEEE Transactions on Power Systems},   title={Unit Commitment With an Enhanced Natural Gas-Flow Model},   year={2019},  volume={34},  number={5},  pages={3729-3738},  doi={10.1109/TPWRS.2019.2908895}}

@article{ZHAO2023129010,
title = {A new hybrid optimization prediction strategy based on SH-Informer for district heating system},
journal = {Energy},
volume = {282},
pages = {129010},
year = {2023},
issn = {0360-5442},
doi = {https://doi.org/10.1016/j.energy.2023.129010},
url = {https://www.sciencedirect.com/science/article/pii/S0360544223024040},
author = {Yin Zhao and Mingju Gong and Jiawang Sun and Cuitian Han and Lei Jing and Bo Li and Zhixuan Zhao},
keywords = {District heating system, Energy-saving forecasting, Hybrid optimization prediction strategy, Similar hour, Informer},
}

@article{DING2024123275,
title = {A CCP-based distributed cooperative operation strategy for multi-agent energy systems integrated with wind, solar, and buildings},
journal = {Applied Energy},
volume = {365},
pages = {123275},
year = {2024},
issn = {0306-2619},
doi = {https://doi.org/10.1016/j.apenergy.2024.123275},
url = {https://www.sciencedirect.com/science/article/pii/S0306261924006585},
author = {Bing Ding and Zening Li and Zhengmao Li and Yixun Xue and Xinyue Chang and Jia Su and Xiaolong Jin and Hongbin Sun},
keywords = {Alternating direction method of multipliers, Buildings, Chance-constrained programming, Multi-agent energy systems, Nash bargaining},
}

@book{Trudeau_2015, place={New York, New York}, title={Introduction to graph theory}, publisher={Dover Publications}, author={Trudeau, Richard J.}, year={2015}} 

@book{Bender_Williamson_2010, place={San Diego, California}, title={Section 2: Digraphs, Paths, and Subgraphs}, booktitle={Lists, Decisions and Graphs With an Introduction to Probability}, publisher={University of California at San Diego}, author={Bender, Edward A. and Williamson, S. Gill}, year={2010}, pages={160–162}}

@book{Biggs_1993, place={Cambridge}, title={Algebraic graph theory}, publisher={Cambridge University Press}, author={Biggs, Norman}, year={1993}}


@book{wilson_1972, 
    place={Harlow, Essex}, 
    edition={4}, 
    title={Introduction to graph theory}, 
    volume={1}, 
    publisher={Oliver \& Boyd}, 
    author={Wilson, Robin J.}, 
    year={1972}
}

@article{Hippert_Pedreira_Souza_2001, title={Neural networks for short-term Load forecasting: A review and Evaluation}, volume={16}, DOI={10.1109/59.910780}, number={1}, journal={IEEE Transactions on Power Systems}, author={Hippert, H.S. and Pedreira, C.E. and Souza, R.C.}, year={2001}, month={Feb}, pages={44–55}} 

@article{Zhang_Eddy_Patuwo_Y_Hu_1998, title={Forecasting with Artificial Neural Networks:}, volume={14}, DOI={10.1016/s0169-2070(97)00044-7}, number={1}, journal={International Journal of Forecasting}, author={Zhang, Guoqiang and Eddy Patuwo, B. and Y. Hu, Michael}, year={1998}, month={Mar}, pages={35–62}} 

@article{Jia_Wang_Shou_Hosseini_Bai_2023, title={Graph Neural Networks for construction applications}, volume={154}, DOI={10.1016/j.autcon.2023.104984}, journal={Automation in Construction}, author={Jia, Yilong and Wang, Jun and Shou, Wenchi and Hosseini, M. Reza and Bai, Yu}, year={2023}, month={Oct}, pages={104984}} 

@article{Gupta_Matta_Pant_2021, title={Graph neural network: Current state of art, challenges and applications}, volume={46}, DOI={10.1016/j.matpr.2021.01.950}, journal={Materials Today: Proceedings}, author={Gupta, Atika and Matta, Priya and Pant, Bhasker}, year={2021}, month={Mar}, pages={10927–10932}} 

@article{Liu_Wu_Liu_Hu_2021, title={Enhancing graph neural networks by a high-quality aggregation of beneficial information}, volume={142}, DOI={10.1016/j.neunet.2021.04.025}, journal={Neural Networks}, author={Liu, Chuang and Wu, Jia and Liu, Weiwei and Hu, Wenbin}, year={2021}, month={Oct}, pages={20–33}} 

@article{GRLB_Hamilton,
author={Hamilton, William L.},
title={Graph Representation Learning},
journal={Synthesis Lectures on Artificial Intelligence and Machine Learning},
volume={14},
number={3},
pages={1-159},
publisher={Morgan and Claypool}
}

@inproceedings{optuna_2019,
    title={Optuna: A Next-generation Hyperparameter Optimization Framework},
    author={Akiba, Takuya and Sano, Shotaro and Yanase, Toshihiko and Ohta, Takeru and Koyama, Masanori},
    booktitle={Proceedings of the 25th {ACM} {SIGKDD} International Conference on Knowledge Discovery and Data Mining},
    year={2019}
}


@inproceedings{Kipf:2016tc,
  added-at = {2020-07-15T00:50:01.000+0200},
  author = {Kipf, Thomas N. and Welling, Max},
  biburl = {https://www.bibsonomy.org/bibtex/271ee5be8cafc25d7a3869bcb49fc5c3c/twagener},
  booktitle = {Proceedings of the 5th International Conference on Learning Representations},
  interhash = {54b65044b71f10c31476ed76422ab85d},
  intrahash = {71ee5be8cafc25d7a3869bcb49fc5c3c},
  keywords = {},
  location = {Palais des Congr{\`e}s Neptune, Toulon, France},
  series = {ICLR '17},
  timestamp = {2020-07-15T00:50:01.000+0200},
  title = {{Semi-Supervised Classification with Graph Convolutional Networks}},
  url = {https://openreview.net/forum?id=SJU4ayYgl},
  venue = {ICLR},
  year = 2017
}

@article{Fu_Wang_Liu_Liu_Zhou_You_Peng_Jing_2022, title={Adaptive graph convolutional collaboration networks for semi-supervised Classification}, volume={611}, DOI={10.1016/j.ins.2022.08.053}, journal={Information Sciences}, author={Fu, Sichao and Wang, Senlin and Liu, Weifeng and Liu, Baodi and Zhou, Bin and You, Xinhua and Peng, Qinmu and Jing, Xiao-Yuan}, year={2022}, month={Sep}, pages={262–276}} 


@INPROCEEDINGS{8954414,
  author={Gong, Liyu and Cheng, Qiang},
  booktitle={2019 IEEE/CVF Conference on Computer Vision and Pattern Recognition (CVPR)}, 
  title={Exploiting Edge Features for Graph Neural Networks}, 
  year={2019},
  volume={},
  number={},
  pages={9203-9211},
  keywords={Deep Learning;Others},
  doi={10.1109/CVPR.2019.00943}}

@article{Guo_Zhang_Teng_Lu_2019, title={Densely connected graph convolutional networks for graph-to-sequence learning}, volume={7}, DOI={10.1162/tacl_a_00269}, journal={Transactions of the Association for Computational Linguistics}, author={Guo, Zhijiang and Zhang, Yan and Teng, Zhiyang and Lu, Wei}, year={2019}, month={Nov}, pages={297–312}} 


@ARTICLE{9224195,
  author={Jiang, Xiaodong and Zhu, Ronghang and Ji, Pengsheng and Li, Sheng},
  journal={IEEE Transactions on Pattern Analysis and Machine Intelligence}, 
  title={Co-Embedding of Nodes and Edges With Graph Neural Networks}, 
  year={2023},
  volume={45},
  number={6},
  pages={7075-7086},
  keywords={Task analysis;Convolution;Deep learning;Switches;Image edge detection;Prediction algorithms;Graph embedding;graph neural networks;line graph;node classification;link prediction},
  doi={10.1109/TPAMI.2020.3029762}}


@article{Jia_Wang_Shou_Hosseini_Bai_2023a, title={Graph Neural Networks for construction applications}, volume={154}, DOI={10.1016/j.autcon.2023.104984}, journal={Automation in Construction}, author={Jia, Yilong and Wang, Jun and Shou, Wenchi and Hosseini, M. Reza and Bai, Yu}, year={2023}, month={Oct}, pages={104984}} 

@misc{Beal_Hill_Martin_Hedengren_2018, title={Gekko Optimization Suite}, url={https://doi.org/10.3390/pr6080106}, journal={MDPI}, publisher={Multidisciplinary Digital Publishing Institute}, author={Beal, Logan D. R. and Hill, Daniel C. and Martin, R. Abraham and Hedengren, John D.}, year={2018}, month={Jul}} 
