@article{Duan_Liu_Yang_2022, title={Optimal operation for integrated electricity and natural gas systems considering demand response uncertainties}, volume={323}, DOI={10.1016/j.apenergy.2022.119455}, journal={Applied Energy}, author={Duan, Jiandong and Liu, Fan and Yang, Yao}, year={2022}, month={Oct}, pages={119455}} 

@misc{Promigas_2021, title={Informe del sector gas natural 2021}, url={https://www.promigas.com/informeSector2020/Paginas/Proyecciones-de-gas-natural.aspx}, journal={PROMIGAS}, author={Promigas}, year={2021}} 


@ARTICLE{8468081,
  author={Yang, Zhifang and Xie, Kaigui and Yu, Juan and Zhong, Haiwang and Zhang, Ning and Xia, Qing},
  journal={IEEE Transactions on Power Systems}, 
  title={A General Formulation of Linear Power Flow Models: Basic Theory and Error Analysis}, 
  year={2019},
  volume={34},
  number={2},
  pages={1315-1324},
  keywords={Mathematical model;Biological system modeling;Load flow;Analytical models;Taylor series;Reactive power;DC power flow;independent variable;linear power flow model;Taylor series expansion},
  doi={10.1109/TPWRS.2018.2871182}}


@ARTICLE{MPNG,  author={García-Marín, S. and González-Vanegas, W. and Murillo-Sánchez, C.E.},  journal={IEEE Transactions on Power Systems},   title={MPNG: A MATPOWER-Based Tool for Optimal Power and Natural Gas Flow Analyses},   year={2022},  volume={},  number={},  pages={1-9},  doi={10.1109/TPWRS.2022.3195684}}


@article{JIANG2021106460,
title = {Exploiting flexibility of combined-cycle gas turbines in power system unit commitment with natural gas transmission constraints and reserve scheduling},
journal = {International Journal of Electrical Power \& Energy Systems},
volume = {125},
pages = {106460},
year = {2021},
issn = {0142-0615},
doi = {https://doi.org/10.1016/j.ijepes.2020.106460},
url = {https://www.sciencedirect.com/science/article/pii/S0142061520325072},
author = {Tao Jiang and Chenguang Yuan and Rufeng Zhang and Linquan Bai and Xue Li and Houhe Chen and Guoqing Li},
keywords = {Combined-cycle gas turbine, Unit commitment, Reserve scheduling, Flexibility, Natural gas system},
}

 @article{weymouth_challenge_intro, title={Stochastic day-ahead scheduling of integrated energy distribution network with identifying redundant gas network constraints}, volume={10}, DOI={10.1109/tsg.2018.2856825}, number={4}, journal={IEEE Transactions on Smart Grid}, author={Yao, Li and Wang, Xiuli and Ding, Tao and Wang, Yifei and Wu, Xiong and Liu, Jinshan}, year={2019}, pages={4309–4322}} 

@article{mpcc, title={MPEC problem formulations and solution strategies with chemical engineering applications}, volume={32}, DOI={10.1016/j.compchemeng.2008.02.010}, number={12}, journal={Computers \&amp; Chemical Engineering}, author={Baumrucker, B.T. and Renfro, J.G. and Biegler, L.T.}, year={2008}, pages={2903–2913}} 

@article{Bouza_Still_2007, title={Mathematical programs with complementarity constraints: Convergence properties of a smoothing method}, volume={32}, DOI={10.1287/moor.1060.0245}, number={2}, journal={Mathematics of Operations Research}, author={Bouza, Gemayqzel and Still, Georg}, year={2007}, month={May}, pages={467–483}} 


@article{Ralph_Wright_2004,
author = {Daniel Ralph and Stephen J. Wright},
title = {Some properties of regularization and penalization schemes for MPECs},
journal = {Optimization Methods and Software},
volume = {19},
number = {5},
pages = {527-556},
year = {2004},
publisher = {Taylor & Francis},
doi = {10.1080/10556780410001709439},
URL = { 
        https://doi.org/10.1080/10556780410001709439
},
eprint = { 
        https://doi.org/10.1080/10556780410001709439
}
}


 @article{ipopt, title={On the implementation of an interior-point filter line-search algorithm for large-scale nonlinear programming}, volume={106}, DOI={10.1007/s10107-004-0559-y}, number={1}, journal={Mathematical Programming}, author={Wächter, Andreas and Biegler, Lorenz T.}, year={2005}, pages={25–57}} 

 @Article{gekko,
AUTHOR = {Beal, Logan D. R. and Hill, Daniel C. and Martin, R. Abraham and Hedengren, John D.},
TITLE = {GEKKO Optimization Suite},
JOURNAL = {Processes},
VOLUME = {6},
YEAR = {2018},
NUMBER = {8},
ARTICLE-NUMBER = {106},
URL = {https://www.mdpi.com/2227-9717/6/8/106},
ISSN = {2227-9717},
ABSTRACT = {This paper introduces GEKKO as an optimization suite for Python. GEKKO specializes in dynamic optimization problems for mixed-integer, nonlinear, and differential algebraic equations (DAE) problems. By blending the approaches of typical algebraic modeling languages (AML) and optimal control packages, GEKKO greatly facilitates the development and application of tools such as nonlinear model predicative control (NMPC), real-time optimization (RTO), moving horizon estimation (MHE), and dynamic simulation. GEKKO is an object-oriented Python library that offers model construction, analysis tools, and visualization of simulation and optimization. In a single package, GEKKO provides model reduction, an object-oriented library for data reconciliation/model predictive control, and integrated problem construction/solution/visualization. This paper introduces the GEKKO Optimization Suite, presents GEKKO&rsquo;s approach and unique place among AMLs and optimal control packages, and cites several examples of problems that are enabled by the GEKKO library.},
DOI = {10.3390/pr6080106}
}


 @article{taylor_paper, title={Adding flexibility in a natural gas transportation network using interruptible transportation services}, volume={243}, DOI={10.1016/j.ejor.2014.12.010}, number={2}, journal={European Journal of Operational Research}, author={Fodstad, Marte and Midthun, Kjetil T. and Tomasgard, Asgeir}, year={2015}, pages={647–657}} 


  @INPROCEEDINGS{soc_paper,  author={Schwele, Anna and Ordoudis, Christos and Kazempour, Jalal and Pinson, Pierre},  booktitle={2019 IEEE Milan PowerTech},   title={Coordination of Power and Natural Gas Systems: Convexification Approaches for Linepack Modeling},   year={2019},  volume={},  number={},  pages={1-6},  doi={10.1109/PTC.2019.8810632}}
